
% per creare le bib degli rfc
% http://notesofaprogrammer.blogspot.com/2014/11/bibtex-entries-for-ietf-rfcs-and.html

% per wikipedia 
% https://irl.github.io/bibwiki/



@misc{icons,
  author = {Huawei},
  title  = {Product Image Gallery},
  note   = {\url{https://info.support.huawei.com/network/imagelib/getImagePartList?product_family=Router&product_type=Access\%20Router\%7CIOT\%20Gateway&domain=&lang=en}}
}

@misc{client-to-client,
  title        = {OpenVPN client-to-client},
  author       = {ysdx (\url{https://serverfault.com/users/84729/ysdx})},
  howpublished = {Server Fault Stack Exchange},
  note         = {URL:\url{https://serverfault.com/a/738558/558773} (version: 2018-01-17)},
  eprint       = {https://serverfault.com/a/738558/558773},
  url          = {https://serverfault.com/a/738558/558773}
}

@misc{openvpn-as-ca,
  title        = {{OpenVPN server as it's own CA -- security concerns?}},
  author       = {jesrush (\url{https://serverfault.com/users/480025/jesrush})},
  howpublished = {Server Fault Stack Exchange},
  note         = {URL:\url{https://serverfault.com/q/923049/558773} (version: 2018-05-22)},
  eprint       = {https://serverfault.com/q/923049/558773},
  url          = {https://serverfault.com/q/923049/558773}
}

@misc{openvpn-push-route,
  title        = {OpenVPN: Push a route to client with a different gateway},
  author       = {Drav Sloan (\url{https://unix.stackexchange.com/users/44072/drav-sloan})},
  howpublished = {Unix \& Linux Stack Exchange},
  note         = {URL:\url{https://unix.stackexchange.com/a/117775/359169} (version: 2018-01-11)},
  eprint       = {https://unix.stackexchange.com/a/117775/359169},
  url          = {https://unix.stackexchange.com/a/117775/359169}
}

@misc{openvpn-keepalive,
  title        = {{How to keep alive the VPN connection?}},
  author       = {Jeeva (\url{https://superuser.com/users/118163/jeeva})},
  howpublished = {SuperUser Stack Exchange},
  note         = {URL:\url{https://unix.stackexchange.com/a/117775/359169} (version: 2015-06-9)},
  eprint       = {https://superuser.com/a/925755/868890},
  url          = {https://superuser.com/a/925755/868890}
}



@misc{ifconfig-push,
  title        = {openvpn - ifconfig parameter},
  author       = {Lasse Michael MÃ¸lgaard (\url{https://serverfault.com/users/176217/lasse-michael-m\%c3\%b8lgaard})},
  howpublished = {Server Fault Stack Exchange},
  note         = {URL:\url{https://serverfault.com/a/1000725/558773} (version: 2020-01-18)},
  eprint       = {https://serverfault.com/a/1000725/558773},
  url          = {https://serverfault.com/a/1000725/558773}
}


@techreport{RFC_1122,
  author       = {Robert Braden},
  title        = {{Requirements for Internet Hosts - Communication Layers}},
  howpublished = {Internet Requests for Comments},
  type         = {STD},
  number       = {3},
  year         = {1989},
  month        = {October},
  issn         = {2070-1721},
  publisher    = {RFC Editor},
  institution  = {RFC Editor},
  url          = {http://www.rfc-editor.org/rfc/rfc1122.txt},
  note         = {\url{http://www.rfc-editor.org/rfc/rfc1122.txt}}
}


@misc{ethernet-ii,
  author       = {Wikipedia},
  title        = {{Ethernet II} --- {W}ikipedia{,} The Free Encyclopedia},
  year         = {2022},
  howpublished = {\url{https://en.wikipedia.org/w/index.php?title=Ethernet\%5C\%20frame\&oldid=1080405638\#Ethernet_II}},
  note         = {[Online; accessed 04-June-2022]}
}


@techreport{RFC_0791,
  author       = {Jon Postel},
  title        = {{Internet Protocol}},
  howpublished = {Internet Requests for Comments},
  type         = {STD},
  number       = {5},
  year         = {1981},
  month        = {September},
  issn         = {2070-1721},
  publisher    = {RFC Editor},
  institution  = {RFC Editor},
  url          = {http://www.rfc-editor.org/rfc/rfc791.txt},
  note         = {\url{http://www.rfc-editor.org/rfc/rfc791.txt}}
}

@techreport{RFC_0793,
  author       = {Jon Postel},
  title        = {{Transmission Control Protocol}},
  howpublished = {Internet Requests for Comments},
  type         = {STD},
  number       = {7},
  year         = {1981},
  month        = {September},
  issn         = {2070-1721},
  publisher    = {RFC Editor},
  institution  = {RFC Editor},
  url          = {http://www.rfc-editor.org/rfc/rfc793.txt},
  note         = {\url{http://www.rfc-editor.org/rfc/rfc793.txt}}
}


@techreport{RFC_8446,
  author       = {E. Rescorla},
  title        = {The {T}ransport {L}ayer {S}ecurity ({TLS}) {P}rotocol {V}ersion 1.3},
  howpublished = {Internet Requests for Comments},
  type         = {RFC},
  number       = {8446},
  year         = {2018},
  month        = {August},
  issn         = {2070-1721},
  publisher    = {RFC Editor},
  institution  = {RFC Editor},
  url          = {http://www.rfc-editor.org/rfc/rfc8446.txt},
  note         = {\url{http://www.rfc-editor.org/rfc/rfc8446.txt}}
}


@article{owidinternet,
  author  = {Max Roser, Hannah Ritchie and Esteban Ortiz-Ospina},
  title   = {Internet},
  journal = {Our World in Data},
  year    = {2015},
  note    = {\url{https://ourworldindata.org/internet}}
}

@misc{pki,
  author       = {Wikipedia},
  title        = {{Public key infrastructure} --- {W}ikipedia{,} The Free Encyclopedia},
  year         = {2022},
  howpublished = {\url{http://en.wikipedia.org/w/index.php?title=Public\%20key\%20infrastructure&oldid=1085755772}},
  note         = {[Online; accessed 04-June-2022]}
}


@misc{drawio,
  author = {JGraph},
  month  = {10},
  title  = {draw.io},
  note   = {\url{https://www.diagrams.net/}},
  year   = {2021}
}

@misc{ipv4_exhaustion,
  author       = {Wikipedia},
  title        = {{IPv4 address exhaustion} --- {W}ikipedia{,} The Free Encyclopedia},
  year         = {2022},
  howpublished = {\url{http://en.wikipedia.org/w/index.php?title=IPv4\%20address\%20exhaustion&oldid=1090374520}},
  note         = {[Online; accessed 04-June-2022]}
}

 @techreport{RFC_1631,
  author       = {Kjeld Borch Egevang and Paul Francis},
  title        = {{The IP Network Address Translator (NAT)}},
  howpublished = {Internet Requests for Comments},
  type         = {RFC},
  number       = {1631},
  year         = {1994},
  month        = {May},
  issn         = {2070-1721},
  publisher    = {RFC Editor},
  institution  = {RFC Editor},
  url          = {http://www.rfc-editor.org/rfc/rfc1631.txt},
  note         = {\url{http://www.rfc-editor.org/rfc/rfc1631.txt}}
}

@misc{Carrier-grade_NAT,
  author       = {Wikipedia},
  title        = {{Carrier-grade NAT} --- {W}ikipedia{,} The Free Encyclopedia},
  year         = {2022},
  howpublished = {\url{http://en.wikipedia.org/w/index.php?title=Carrier-grade\%20NAT&oldid=1080669652}},
  note         = {[Online; accessed 12-June-2022]}
}

@misc{revoke-cert,
  author       = {Jamon Camisso},
  howpublished = {\url{https://www.digitalocean.com/community/tutorials/how-to-set-up-and-configure-a-certificate-authority-ca-on-ubuntu-20-04\#optional-revoking-a-certificate}},
  title        = {{How To Set Up and Configure a Certificate} \mbox{Authority} {(CA) On Ubuntu 20.04 - Revoking a Certificate}},
  year         = {2020},
  note         = {\mbox{DigitalOcean} Tutorial}
}


@misc{openvpn-iroute,
  author       = {waldner},
  howpublished = {\url{https://backreference.org/2009/11/15/openvpn-and-iroute/index.html}},
  title        = {OpenVPN and iroute},
  year         = {2009}
}



